<?xml version="1.0" encoding="UTF-8"?><collection xmlns="http://www.loc.gov/MARC21/slim"><record><leader>00652nam--2200193-i-4500</leader><controlfield tag="001">000013556</controlfield><controlfield tag="002">20161230</controlfield><controlfield tag="005">20170101170929</controlfield><controlfield tag="008">060222s1000------------r-----000-0-eng-d</controlfield><datafield ind1=" " ind2=" " tag="020"><subfield code="a">0306403137</subfield></datafield><datafield ind1=" " ind2=" " tag="040"><subfield code="a">IFIN-HH</subfield></datafield><datafield ind1=" " ind2=" " tag="080"><subfield code="a">538.958(061.3)</subfield></datafield><datafield ind1="1" ind2=" " tag="100"><subfield code="a">Birman, Joseph L</subfield></datafield><datafield ind1="1" ind2="0" tag="245"><subfield code="a">Light scattering in solids</subfield><subfield code="b">Proceedings of the second joint usa-ussr symposium on light scattering in condensed matter, held in new york, may 21-25, 1979</subfield><subfield code="c">J.L. Birman, H.Z. Cummins, K.K. Rebane (eds.)</subfield></datafield><datafield ind1=" " ind2=" " tag="260"><subfield code="a">New York</subfield><subfield code="b">Plenum Press</subfield><subfield code="c">1979</subfield></datafield><datafield ind1=" " ind2=" " tag="300"><subfield code="a">XXI + 535 P</subfield></datafield><datafield ind1="1" ind2=" " tag="700"><subfield code="a">Rebane, Karl K</subfield></datafield><datafield ind1=" " ind2=" " tag="852"><subfield code="a">49043</subfield><subfield code="c">539.2</subfield></datafield><datafield ind1=" " ind2=" " tag="CAT"><subfield code="a">SYS</subfield><subfield code="c">20170101</subfield><subfield code="h">170929</subfield></datafield></record></collection>